<record><leader>00000cas a22000007a 4500</leader><controlfield tag="001">14999107</controlfield><controlfield tag="008">861222d1876187umouwr ne      0    0eng d</controlfield><datafield ind1=" " ind2=" " tag="010"><subfield code="a">sn 86054054 </subfield></datafield><datafield ind1=" " ind2=" " tag="040"><subfield code="a">NPX</subfield><subfield code="b">eng</subfield><subfield code="c">NPX</subfield><subfield code="d">OCLCQ</subfield></datafield><datafield ind1=" " ind2=" " tag="042"><subfield code="a">msc</subfield></datafield><datafield ind1="0" ind2=" " tag="130"><subfield code="a">New era (Hermitage, Mo.)</subfield></datafield><datafield ind1="1" ind2="0" tag="245"><subfield code="a">New era.</subfield></datafield><datafield ind1=" " ind2=" " tag="260"><subfield code="a">Hermitage, Mo. :</subfield><subfield code="b">McNeil Bros.</subfield></datafield><datafield ind1=" " ind2=" " tag="300"><subfield code="a">v.</subfield></datafield><datafield ind1=" " ind2=" " tag="310"><subfield code="a">Weekly</subfield></datafield><datafield ind1="1" ind2=" " tag="362"><subfield code="a">Began in 1876.</subfield><subfield code="z">Cf. Rowell, 1877.</subfield></datafield><datafield ind1=" " ind2=" " tag="500"><subfield code="a">"Republican," &lt;1876&gt;.</subfield></datafield><datafield ind1=" " ind2=" " tag="588"><subfield code="a">Description based on: Vol. 1, no. 26 (July 20, 1876).</subfield></datafield><datafield ind1=" " ind2=" " tag="752"><subfield code="a">United States</subfield><subfield code="b">Missouri</subfield><subfield code="c">Hickory</subfield><subfield code="d">Hermitage.</subfield></datafield><datafield ind1="0" ind2="0" tag="785"><subfield code="t">Hickory County new era</subfield></datafield></record>